@Book{FPBR,
	title  = {Footprint-Based Retrieval},
	author = {Barry Smyth and Elisabeth McKenna},
	publisher = {University College Dublin},
	year = {1999}
}

@Book{FPBR2,
	title  = {Modelling the Competence of Case-Bases},
	author = {Barry Smyth and Elisabeth McKenna},
	publisher = {University College Dublin},
	year = {1998}
}

@Book{FAS,
	title  = {Fish and Shrink algorithm},
	author = {J\"org Walter Schaaf},
	publisher = {GMD - Sankt Augustin, Germany},
	year = {1996}
}
